@article{article1,
  author  = {赵星宇 and 丁世飞},
  title   = {深度强化学习研究综述},
  journal = {计算机科学},
  year    = {2018},
  volume  = {45},
  number  = {7},
  pages   = {1-6}
}

@article{article2,
  author  = {韩胜明 and 肖芳 and 程纬森},
  title   = {深度强化学习在自动驾驶系统中的应用综述},
  journal = {西华大学学报（自然科学版）},
  year    = {2023},
  volume  = {42},
  number  = {4},
  pages   = {25-31},
  doi     = {10.12198/j.issn.1673-159X.4740}
}

@article{article3,
  author  = {万里鹏 and 兰旭光 and 张瀚博 and 郑南宁},
  title   = {深度强化学习理论及其应用综述},
  journal = {模式识别与人工智能},
  year    = {2019},
  volume  = {32},
  number  = {1},
  pages   = {67-81}
}

@article{article4,
  author  = {潘峰 and 鲍泓},
  title   = {强化学习的自动驾驶控制技术研究进展},
  year    = {2021}
}

@article{article5,
  author  = {王丙琛 and 司怀伟 and 谭国真},
  title   = {基于深度强化学习的自动驾驶车控制算法研究},
  journal = {Journal of Zhengzhou University: Engineering Science},
  year    = {2020},
  volume  = {41},
  number  = {4}
}

@article{article6,
  author  = {何逸煦 and 林泓熠 and 刘洋},
  title   = {强化学习在自动驾驶技术中的应用与挑战},
  journal = {同济大学学报 (自然科学版)},
  year    = {2024},
  volume  = {52},
  number  = {4}
}

@article{article7,
  author  = {杨顺 and 蒋渊德 and 吴坚 and 刘海贞},
  title   = {基于多类型传感数据的自动驾驶深度强化学习方法},
  journal = {吉林大学学报（工学版）},
  year    = {2019},
  volume  = {49},
  number  = {4},
  pages   = {1026-1033},
  doi     = {10.13229/j.cnki.jdxbgxb20180467}
}

@article{article8,
  author  = {刘建伟 and 高峰 and 罗雄麟},
  title   = {基于值函数和策略梯度的深度强化学习综述},
  journal = {计算机学报},
  year    = {2019},
  volume  = {42},
  number  = {6},
  pages   = {1406-1438}
}

@article{article9,
  author  = {刘朝阳 and 穆朝絮 and 孙长银},
  title   = {深度强化学习算法与应用研究现状综述},
  journal = {智能科学与技术学报},
  year    = {2020},
  volume  = {2},
  number  = {4},
  pages   = {324-326}
}

@article{article10,
  author  = {段艳杰 and 吕宜生 and 张杰},
  title   = {深度学习在控制领域的研究现状与展望},
  journal = {自动化学报},
  year    = {2016},
  volume  = {42},
  number  = {5},
  pages   = {643-654}
}

@article{article11,
  author  = {刘全 and 翟建伟 and 章宗长},
  title   = {深度强化学习综述},
  journal = {计算机学报},
  year    = {2018},
  volume  = {41},
  number  = {1},
  pages   = {1-27}
}
